<record><leader>00000cas a22000007a 4500</leader><controlfield tag="001">15376616</controlfield><controlfield tag="008">870327d186u187uinuwr ne      0    0eng d</controlfield><datafield ind1=" " ind2=" " tag="010"><subfield code="a">sn 87055673 </subfield></datafield><datafield ind1=" " ind2=" " tag="040"><subfield code="a">NPI</subfield><subfield code="b">eng</subfield><subfield code="c">NPI</subfield><subfield code="d">OCLCQ</subfield></datafield><datafield ind1=" " ind2=" " tag="042"><subfield code="a">msc</subfield></datafield><datafield ind1="0" ind2="0" tag="245"><subfield code="a">Terre-Haute weekly journal.</subfield></datafield><datafield ind1=" " ind2=" " tag="260"><subfield code="a">Terre-Haute, Ind. :</subfield><subfield code="b">Terre Haute Print. and Pub. Association</subfield></datafield><datafield ind1=" " ind2=" " tag="310"><subfield code="a">Weekly</subfield></datafield><datafield ind1=" " ind2=" " tag="580"><subfield code="a">Daily editions: Terre Haute daily journal, and: Terre Haute journal (Terre Haute, Ind. : Daily).</subfield></datafield><datafield ind1=" " ind2=" " tag="588"><subfield code="a">Description based on: Vol. 15, no. 14 (Jan. 15, 1864).</subfield></datafield><datafield ind1=" " ind2=" " tag="752"><subfield code="a">United States</subfield><subfield code="b">Indiana</subfield><subfield code="c">Vigo</subfield><subfield code="d">Terre Haute.</subfield></datafield><datafield ind1="1" ind2=" " tag="775"><subfield code="t">Terre Haute daily journal</subfield><subfield code="w">(DLC)sn 82015657</subfield><subfield code="w">(OCoLC)8807832</subfield></datafield><datafield ind1="1" ind2=" " tag="775"><subfield code="t">Terre-Haute journal (Terre Haute, Ind. : Daily)</subfield><subfield code="w">(DLC)sn 87055707</subfield></datafield><datafield ind1="0" ind2="0" tag="780"><subfield code="t">Terre-Haute journal (Terre Haute, Ind. : Weekly)</subfield><subfield code="w">(DLC)sn 84038187</subfield><subfield code="w">(OCoLC)11254182</subfield></datafield></record>